%% This BibTeX bibliography file was created using BibDesk.
%% http://bibdesk.sourceforge.net/

%% Created for Vijayakumar, Ganesh at 2017-12-05 10:13:54 -0700 


%% Saved with string encoding Unicode (UTF-8) 



@url{OpenFAST:2017,
	Author = {OpenFAST},
	Date-Added = {2017-12-05 17:08:02 +0000},
	Date-Modified = {2017-12-05 17:12:02 +0000},
	Title = {{Aero-Hydro-Servo-Elastic tool to model wind turbines}},
	Urldate = {github.com/OpenFAST/openfast},
	Year = {2017}}

@url{ellipticWingOpenFAST,
	Author = {Ganesh Vijayakumar},
	Date-Added = {2017-12-05 16:58:20 +0000},
	Date-Modified = {2017-12-05 17:13:43 +0000},
	Title = {Simulation of flow past elliptic wing using OpenFAST},
	Urldate = {github.com/gantech/ellipticWingCases}}

@techreport{naluDoc,
	Address = {https://github.com/NaluCFD/Nalu},
	Author = {Stefan Domino},
	Date-Added = {2017-12-05 16:54:57 +0000},
	Date-Modified = {2017-12-05 16:54:57 +0000},
	Institution = {Sandia National Laboratories Unclassified Unlimited Release (UUR)},
	Number = {SAND2015-3107W},
	Title = {Sierra Low Mach Module: Nalu Theory Manual},
	Year = {2015}}

@book{KatzPlotkin:2002,
	Author = {Joseph Katz and Allen Plotkin},
	Date-Added = {2017-12-05 16:52:09 +0000},
	Date-Modified = {2017-12-05 17:07:59 +0000},
	Edition = {Second},
	Publisher = {Cambridge University Press},
	Title = {Low Speed Aerodynamics},
	Year = {2002}}
